% This file was created with JabRef 2.10b2.
% Encoding: ISO8859_1


@String { abntex.doc.header = {$Header: /home/cvsroot/abntex/texmf/bibtex/bib/abntex/abntex-doc.bib,v 1.1 2003/03/21 18:28:12 gweber Exp $} }

@Book{Pinheiro2012,
  author    = {Pinheiro, João Ismael D. and Santiago, Ramírez Carvajal S. and Cunha, Sonia Baptista da and Gomes, Gastão Coelho},
  publisher = {Elsevier Brasil},
  title     = {Probabilidade e Estatística: Quantificando a incerteza},
  year      = {2012},
}

@Book{Ross2010,
  author    = {Ross, Sheldon},
  publisher = {Bookman},
  title     = {Probabilidade: Um curso moderno com aplicações},
  year      = {2010},
}

@Book{Favero2017,
  author    = {Fávero, Luiz Paulo and Belfiore, Patrícia},
  publisher = {Elsevier Brasil},
  title     = {Manual de análise de dados: Estatística e modelagem multivariada com Excel{\textregistered}, SPSS{\textregistered} e Stata{\textregistered}},
  year      = {2017},
}

@Book{Johnson2014,
  author    = {Johnson, Richard and Wichern, Dean},
  publisher = {Pearson},
  title     = {Applied Multivariate Statistical Analysis},
  year      = {2014},
}

@Misc{Furtado1996,
  author        = {Furtado, Daniel},
  title         = {Análise Multivariada},
  year          = {1996},
  url           = {http://ftp.demec.ufpr.br/disciplinas/TM788/Daniel%20Furtado%20Ferreira/},
  urlaccessdate = {2022-07-09}
}

@Book{Tabachnick2013,
  author    = {Tabachnick, Barbara G. and Fidell, Linda S.},
  publisher = {Pearson},
  title     = {Using Multivariate Statistics},
  year      = {2013},
}

@Inook{Ullman2013,
  author    = {Ullman, Jodie B.},
  publisher = {Pearson},
  title     = {Using Multivariate Statistics},
  year      = {2013},
  chapte    = {14}
}

@Misc{Amorim2012,
  author        = {Amorim, Leila D. A. F. and Fiaccone, Rosemeire L. and Santos, Carlos A. S. T. and Moraes, Lia T. L. P. and Oliveira, Nelson F. de and Oliveira, Silvano B. and Santos, Tereza N. L. dos},
  title         = {Modelagem com Equações Estruturais: Princípios Básicos e Aplicações},
  year          = {2012},
  url           = {https://repositorio.ufba.br/bitstream/ri/17684/1/ebook_SEM_2012.pdf},
  urlaccessdate = {2022-07-10}
}

@article{Anderson1982,
  doi = {10.1177/002224378201900407},
  year = {1982},
  month = nov,
  publisher = {{SAGE} Publications},
  volume = {19},
  number = {4},
  pages = {453--460},
  author = {James C. Anderson and David W. Gerbing},
  title = {Some Methods for Respecifying Measurement Models to Obtain Unidimensional Construct Measurement},
  journal = {Journal of Marketing Research}
}

@article{AbuZeina2018,
  doi = {10.1016/j.compeleceng.2017.11.002},
  year = {2018},
  month = feb,
  publisher = {Elsevier {BV}},
  volume = {66},
  pages = {474--486},
  author = {Dia AbuZeina and Fawaz S. Al-Anzi},
  title = {Employing fisher discriminant analysis for Arabic text classification},
  journal = {Computers and Electrical Engineering}
}

@article{Johnson2007,
  doi = {10.1007/s11306-007-0065-3},
  year = {2007},
  month = jun,
  publisher = {Springer Science and Business Media {LLC}},
  volume = {3},
  number = {4},
  pages = {517--530},
  author = {Helen E. Johnson and Amanda J. Lloyd and Luis A. J. Mur and Aileen R. Smith and David R. Causton},
  title = {The application of {MANOVA} to analyse Arabidopsis thaliana metabolomic data from factorially designed experiments},
  journal = {Metabolomics}
}

@article{Liu2022,
  doi = {10.1007/s00500-022-06766-w},
  year = {2022},
  month = jan,
  publisher = {Springer Science and Business Media {LLC}},
  volume = {26},
  number = {6},
  pages = {2773--2780},
  author = {Yang Liu and Baoding Liu},
  title = {Estimating unknown parameters in uncertain differential equation by maximum likelihood estimation},
  journal = {Soft Computing}
}

@article{Bai2020,
  doi = {10.1007/s00181-020-01977-2},
  year = {2020},
  month = nov,
  publisher = {Springer Science and Business Media {LLC}},
  volume = {60},
  number = {1},
  pages = {309--326},
  author = {Jushan Bai and Sung Hoon Choi and Yuan Liao},
  title = {Feasible generalized least squares for panel data with cross-sectional and serial correlations},
  journal = {Empirical Economics}
}




